<record xmlns="http://www.loc.gov/MARC21/slim">
   <leader>01685nam a2200373 i 4500</leader>
   <controlfield tag="001">6799760</controlfield>
   <controlfield tag="003">StDuBDS</controlfield>
   <controlfield tag="005">20150113143008.0</controlfield>
   <controlfield tag="006">m||||||||d||||||||</controlfield>
   <controlfield tag="007">cr |||||||||||</controlfield>
   <controlfield tag="008">140701s2015    enk    fo|    001|0|eng|d</controlfield>
   <datafield ind1=" " ind2=" " tag="020">
      <subfield code="a">9780191783142 (ebook) :</subfield>
      <subfield code="c">No price</subfield>
   </datafield>
   <datafield ind1=" " ind2=" " tag="035">
      <subfield code="a">ocn900817888</subfield>
   </datafield>
   <datafield ind1=" " ind2=" " tag="039">
      <subfield code="a">exclude</subfield>
   </datafield>
   <datafield ind1=" " ind2=" " tag="040">
      <subfield code="a">StDuBDS</subfield>
      <subfield code="b">eng</subfield>
      <subfield code="c">StDuBDS</subfield>
      <subfield code="e">rda</subfield>
      <subfield code="e">pn</subfield>
      <subfield code="d">AEU</subfield>
   </datafield>
   <datafield ind1=" " ind2="4" tag="050">
      <subfield code="a">K3161</subfield>
   </datafield>
   <datafield ind1="0" ind2="4" tag="082">
      <subfield code="a">342.009</subfield>
      <subfield code="2">23</subfield>
   </datafield>
   <datafield ind1=" " ind2=" " tag="090">
      <subfield code="a">Internet Access</subfield>
      <subfield code="b">AEU</subfield>
   </datafield>
   <datafield ind1="0" ind2="0" tag="245">
      <subfield code="a">Constitutions and the classics :</subfield>
      <subfield code="b">patterns of constitutional thought from Fortescue to Bentham /</subfield>
      <subfield code="c">Denis Galligan.</subfield>
   </datafield>
   <datafield ind1=" " ind2="1" tag="264">
      <subfield code="a">Oxford :</subfield>
      <subfield code="b">Oxford University Press,</subfield>
      <subfield code="c">2015.</subfield>
   </datafield>
   <datafield ind1=" " ind2=" " tag="300">
      <subfield code="a">1 online resource</subfield>
   </datafield>
   <datafield ind1=" " ind2=" " tag="336">
      <subfield code="a">text</subfield>
      <subfield code="2">rdacontent</subfield>
   </datafield>
   <datafield ind1=" " ind2=" " tag="337">
      <subfield code="a">computer</subfield>
      <subfield code="2">rdamedia</subfield>
   </datafield>
   <datafield ind1=" " ind2=" " tag="338">
      <subfield code="a">online resource</subfield>
      <subfield code="2">rdacarrier</subfield>
   </datafield>
   <datafield ind1=" " ind2=" " tag="504">
      <subfield code="a">Includes bibliographical references and index.</subfield>
   </datafield>
   <datafield ind1=" " ind2=" " tag="506">
      <subfield code="a">Access restricted to authorized users and institutions.</subfield>
   </datafield>
   <datafield ind1="8" ind2=" " tag="520">
      <subfield code="a">Focusing on major political and legal theorists whose work on constitutional theory had a significant impact, this book unearths an untold story of the development of constitutional thought in the context of the broader political environment.</subfield>
   </datafield>
   <datafield ind1=" " ind2=" " tag="588">
      <subfield code="a">Description based on online resource; title from home page (viewed on December 10, 2014).</subfield>
   </datafield>
   <datafield ind1=" " ind2=" " tag="596">
      <subfield code="a">44</subfield>
   </datafield>
   <datafield ind1=" " ind2="0" tag="650">
      <subfield code="a">Constitutional history.</subfield>
   </datafield>
   <datafield ind1="1" ind2=" " tag="700">
      <subfield code="a">Galligan, D. J.</subfield>
      <subfield code="q">(Denis James),</subfield>
      <subfield code="d">1947-</subfield>
      <subfield code="e">editor.</subfield>
   </datafield>
   <datafield ind1="4" ind2="0" tag="856">
      <subfield code="3">University of Alberta Access</subfield>
      <subfield code="u">http://dx.doi.org/10.1093/acprof:oso/9780198714989.001.0001</subfield>
      <subfield code="z">(Unlimited Concurrent Users)</subfield>
   </datafield>
   <datafield ind1=" " ind2=" " tag="949">
      <subfield code="h">UAIN</subfield>
      <subfield code="z">UPSO</subfield>
   </datafield>
   <datafield ind1=" " ind2=" " tag="926">
      <subfield code="a">Internet Access</subfield>
      <subfield code="w">LC</subfield>
      <subfield code="c">1</subfield>
      <subfield code="i">6799760-1001</subfield>
      <subfield code="l">INTERNET</subfield>
      <subfield code="m">UAINTERNET</subfield>
      <subfield code="r">Y</subfield>
      <subfield code="s">Y</subfield>
      <subfield code="t">E-RESOURCE</subfield>
      <subfield code="u">2/6/2015</subfield>
      <subfield code="x">E-BOOK</subfield>
      <subfield code="z">UPSO</subfield>
   </datafield>
</record>
